<record xmlns="http://www.loc.gov/MARC21/slim" xmlns:xsi="http://www.w3.org/2001/XMLSchema-instance" xsi:schemaLocation="http://www.loc.gov/MARC21/slim http://www.loc.gov/standards/marcxml/schema/MARC21slim.xsd"><leader>02942nam a2200493   4500</leader><controlfield tag="001">799398</controlfield><controlfield tag="003">NNC</controlfield><controlfield tag="006">m        d        </controlfield><controlfield tag="007">cr cn |||m|||a</controlfield><controlfield tag="008">150223s1881    tu      o     000 0 ara  </controlfield><datafield ind1=" " ind2=" " tag="040"><subfield code="a">NNU</subfield><subfield code="b">eng</subfield><subfield code="e">rda</subfield><subfield code="c">NNU</subfield></datafield><datafield ind1=" " ind2="4" tag="050"><subfield code="a">PJ6161</subfield><subfield code="b">.S34 1881</subfield></datafield><datafield ind1="1" ind2=" " tag="100"><subfield code="6">880-01</subfield><subfield code="a">S&#803;afadi&#772;, Khali&#772;l ibn Aybak,</subfield><subfield code="d">1297 (ca.)-1363.</subfield></datafield><datafield ind1="1" ind2="0" tag="240"><subfield code="6">880-02</subfield><subfield code="a">Jina&#772;n al-jina&#772;s fi&#772; &#699;ilm al-badi&#772;&#699;</subfield></datafield><datafield ind1="1" ind2="0" tag="245"><subfield code="6">880-03</subfield><subfield code="a">Kita&#772;b jina&#772;n al-jina&#772;s fi&#772; &#699;ilm al-badi&#772;&#699; /</subfield><subfield code="c">ta&#700;li&#772;f S&#803;ala&#772;h&#803; al-Di&#772;n al-S&#803;afadi&#772;. Wa-fi&#772; a&#772;khirihi Mana&#772;hij al-tawassul fi&#772; maba&#772;hij al-tarassul / ta&#700;li&#772;f &#699;Abd al-Rah&#803;ma&#772;n ibn Muh&#803;ammad al-H&#803;anafi&#772; al-Bist&#803;a&#772;mi&#772;.</subfield></datafield><datafield ind1=" " ind2=" " tag="250"><subfield code="6">880-04</subfield><subfield code="a">al-T&#803;ab&#699;ah 1.</subfield></datafield><datafield ind1=" " ind2=" " tag="260"><subfield code="6">880-05</subfield><subfield code="a">Qust&#803;ant&#803;i&#772;ni&#772;yah :</subfield><subfield code="b">Mat&#803;ba&#699;at al-Jawa&#772;&#700;ib,</subfield><subfield code="c">1299 [1881 or 1882]</subfield></datafield><datafield ind1=" " ind2=" " tag="300"><subfield code="a">online resource (160 pages)</subfield></datafield><datafield ind1=" " ind2=" " tag="336"><subfield code="a">text</subfield><subfield code="2">rdacontent</subfield></datafield><datafield ind1=" " ind2=" " tag="337"><subfield code="a">computer</subfield><subfield code="2">rdamedia</subfield></datafield><datafield ind1=" " ind2=" " tag="338"><subfield code="a">online resource</subfield><subfield code="2">rdacarrier</subfield></datafield><datafield ind1=" " ind2=" " tag="500"><subfield code="a">Part of the Arabic Collections Online (ACO) project, contributed by Columbia University Libraries.</subfield></datafield><datafield ind1=" " ind2=" " tag="533"><subfield code="a">Electronic reproduction.</subfield><subfield code="b">New York, N.Y. :</subfield><subfield code="c">New York University,</subfield><subfield code="d">2015.</subfield><subfield code="5">NNU</subfield></datafield><datafield ind1=" " ind2="0" tag="650"><subfield code="a">Arabic language</subfield><subfield code="x">Rhetoric.</subfield></datafield><datafield ind1=" " ind2="0" tag="650"><subfield code="a">Arabic poetry</subfield><subfield code="y">1258-1800</subfield><subfield code="x">History and criticism.</subfield></datafield><datafield ind1=" " ind2="7" tag="650"><subfield code="a">Arabic language</subfield><subfield code="x">Rhetoric.</subfield><subfield code="2">fast</subfield><subfield code="0">(OCoLC)fst00812415</subfield></datafield><datafield ind1=" " ind2="7" tag="650"><subfield code="a">Arabic poetry.</subfield><subfield code="2">fast</subfield><subfield code="0">(OCoLC)fst00812533</subfield></datafield><datafield ind1=" " ind2="7" tag="648"><subfield code="a">1258 - 1800</subfield><subfield code="2">fast</subfield></datafield><datafield ind1=" " ind2="7" tag="655"><subfield code="a">Criticism, interpretation, etc.</subfield><subfield code="2">fast</subfield><subfield code="0">(OCoLC)fst01411635</subfield></datafield><datafield ind1="1" ind2=" " tag="700"><subfield code="6">880-06</subfield><subfield code="a">Bist&#803;a&#772;mi&#772;, &#699;Abd al-Rah&#803;ma&#772;n ibn Muh&#803;ammad</subfield><subfield code="d">(d. 1454).</subfield><subfield code="t">Mana&#772;hij al-tawassul fi&#772; maba&#772;hij al-tarassul.</subfield></datafield><datafield ind1="2" ind2=" " tag="710"><subfield code="a">Columbia University.</subfield><subfield code="b">Libraries.</subfield></datafield><datafield ind1="0" ind2=" " tag="730"><subfield code="a">Arabic Collections Online.</subfield></datafield><datafield ind1="0" ind2=" " tag="740"><subfield code="6">880-07</subfield><subfield code="a">Mana&#772;hij al-tawassul fi&#772; maba&#772;hij al-tarassul.</subfield></datafield><datafield ind1="0" ind2="8" tag="776"><subfield code="i">Print version:</subfield><subfield code="a">S&#803;afadi&#772;, Khali&#772;l ibn Aybak, 1297 (ca.)-1363.</subfield><subfield code="t">Kita&#772;b jina&#772;n al-jina&#772;s fi&#772; &#699;ilm al-badi&#772;&#699;</subfield><subfield code="w">(NNC)799398</subfield><subfield code="w">(DLC)   75549750 </subfield><subfield code="w">(OCoLC)15250824</subfield></datafield><datafield ind1="4" ind2="0" tag="856"><subfield code="u">http://hdl.handle.net/2333.1/wm37pxj9</subfield></datafield><datafield ind1="1" ind2=" " tag="880"><subfield code="6">100-01/r</subfield><subfield code="a">&#1589;&#1601;&#1583;&#1609;&#1548; &#1582;&#1604;&#1610;&#1604; &#1576;&#1606; &#1571;&#1610;&#1576;&#1603;&#1548;,</subfield><subfield code="d">1363-(ca.) 1297.</subfield></datafield><datafield ind1="1" ind2="0" tag="880"><subfield code="6">240-02/r</subfield><subfield code="a">&#1580;&#1606;&#1575;&#1606; &#1575;&#1604;&#1580;&#1606;&#1575;&#1587; &#1601;&#1610; &#1593;&#1604;&#1605; &#1575;&#1604;&#1576;&#1583;&#1610;&#1593;</subfield></datafield><datafield ind1="1" ind2="0" tag="880"><subfield code="6">245-03/r</subfield><subfield code="a">&#1603;&#1578;&#1575;&#1576; &#1580;&#1606;&#1575;&#1606; &#1575;&#1604;&#1580;&#1606;&#1575;&#1587; &#1601;&#1609; &#1593;&#1604;&#1605; &#1575;&#1604;&#1576;&#1583;&#1610;&#1593; /</subfield><subfield code="c">&#1578;&#1571;&#1604;&#1610;&#1601; &#1589;&#1604;&#1575;&#1581; &#1575;&#1604;&#1583;&#1610;&#1606; &#1575;&#1604;&#1589;&#1601;&#1583;&#1609;. &#1608;&#1601;&#1609; &#1570;&#1582;&#1585;&#1607; &#1605;&#1606;&#1575;&#1607;&#1580; &#1575;&#1604;&#1578;&#1608;&#1587;&#1604; &#1601;&#1609; &#1605;&#1576;&#1575;&#1607;&#1580; &#1575;&#1604;&#1578;&#1585;&#1587;&#1604; / &#1593;&#1576;&#1583;&#1575;&#1604;&#1585;&#1581;&#1605;&#1606; &#1576;&#1606; &#1605;&#1581;&#1605;&#1583; &#1576;&#1606; &#1575;&#1604;&#1581;&#1606;&#1601;&#1609; &#1575;&#1604;&#1576;&#1587;&#1591;&#1575;&#1605;&#1609;.</subfield></datafield><datafield ind1=" " ind2=" " tag="880"><subfield code="6">250-04/r</subfield><subfield code="a">&#1575;&#1604;&#1591;&#1576;&#1593;&#1577; &#1633;.</subfield></datafield><datafield ind1=" " ind2=" " tag="880"><subfield code="6">260-05/r</subfield><subfield code="a">&#1602;&#1587;&#1591;&#1606;&#1591;&#1610;&#1606;&#1610;&#1577; :</subfield><subfield code="b">&#1605;&#1591;&#1576;&#1593;&#1577; &#1575;&#1604;&#1580;&#1608;&#1575;&#1574;&#1576;&#1548;</subfield><subfield code="c">1299 [1881 or 1882]</subfield></datafield><datafield ind1="1" ind2=" " tag="880"><subfield code="6">700-06/r</subfield><subfield code="a">&#1576;&#1587;&#1591;&#1575;&#1605;&#1609;&#1548; &#1593;&#1576;&#1583;&#1575;&#1604;&#1585;&#1581;&#1605;&#1606; &#1576;&#1606; &#1605;&#1581;&#1605;&#1583;&#1548;,</subfield><subfield code="d">1454d.</subfield><subfield code="t">&#1605;&#1606;&#1575;&#1607;&#1580; &#1575;&#1604;&#1578;&#1608;&#1587;&#1604; &#1601;&#1609; &#1605;&#1576;&#1575;&#1607;&#1580; &#1575;&#1604;&#1578;&#1585;&#1587;&#1604;.</subfield></datafield><datafield ind1="0" ind2=" " tag="880"><subfield code="6">740-07/r</subfield><subfield code="a">&#1605;&#1606;&#1575;&#1607;&#1580; &#1575;&#1604;&#1578;&#1608;&#1587;&#1604; &#1601;&#1609; &#1605;&#1576;&#1575;&#1607;&#1580; &#1575;&#1604;&#1578;&#1585;&#1587;&#1604;.</subfield></datafield><datafield ind1=" " ind2=" " tag="959"><subfield code="a">NNU</subfield><subfield code="b">WEB</subfield><subfield code="c">GENI</subfield><subfield code="t">0</subfield><subfield code="m">Electronic access</subfield><subfield code="s">01</subfield></datafield><datafield ind1=" " ind2=" " tag="999"><subfield code="i">NNC_799398</subfield><subfield code="o">(OCoLC)15250824</subfield><subfield code="e">OK</subfield><subfield code="s">columbia_aco000102</subfield></datafield></record>